@book{juritz_2023_design,
  author = {Juritz, J  and Little, F  and Erni, B},
  publisher = {University of Cape Town},
  title = {Design of Experiment: Course Notes for STA2005S},
  year = {2023}
}

@book{mavuso_2019_order,
  author = {Mavuso, Melusi and Robbertze, Yuri},
  publisher = {University of Cape Town},
  title = {Order Out of Chaos I and II: STA2004F Notes},
  year = {2019}
}

@book{dean_2006_design,
  author = {Dean, Angela M and Voss, Daniel},
  month = {04},
  publisher = {Springer Science & Business Media},
  title = {Design and Analysis of Experiments},
  year = {2006}
}

@misc{braun_2022_is,
  author = {Braun, Javen},
  month = {12},
  title = {Is Linux Faster Than Windows? Speed Comparison & Analysis},
  url = {https://www.linuxjournaldigital.com/is-linux-faster-than-windows/},
  year = {2022},
  organization = {Linux JournalDigital}
}

@book{greenwood_2021_intermediate,
  author = {Greenwood, Mark C},
  title = {Intermediate Statistics with R},
  year = {2021}
}

@article{fourment_2008_a,
  author = {Fourment, Mathieu and Gillings, Michael R},
  month = {02},
  title = {A comparison of common programming languages used in bioinformatics},
  doi = {10.1186/1471-2105-9-82},
  volume = {9},
  year = {2008},
  journal = {BMC Bioinformatics}
}

@misc{rhodes_2020_computing,
  author = {Rhodes, Benjamin},
  month = {04},
  title = {Computing is Born: The Sumerian Abacus},
  url = {https://medium.com/tech-is-a-tool/the-dawn-of-computing-sumerian-abacus-83bdefb697ba},
  year = {2020},
  organization = {#TechIsATool}
}

@book{underhill_2007_introstat,
  author = {Underhill, L G and Bradfield, Dave},
  publisher = {University of Cape Town},
  title = {Introstat},
  year = {2007}
}

@misc{residuals,
  publisher = {University of Pennsylvania},
  title = {Residuals vs. Fits Plot | STAT 501},
  url = {https://online.stat.psu.edu/stat501/lesson/4/4.2},
  organization = {PennState: Statistics Online Courses}
}

@misc{a2018_chapter,
  publisher = {University of South Carolina},
  title = {Chapter 16 - Anova},
  url = {https://www.biostat.jhsph.edu/~iruczins/teaching/jf/ch16.pdf},
  urldate = {2024-09-14},
  year = {2018}
}

@article{matheus_2021_determining,
  author = {Matheus,  and Adriano Kamimura Suzuki},
  month = {09},
  title = {Determining the Probability Distribution of Execution Times},
  doi = {10.1109/iscc53001.2021.9631411},
  urldate = {2024-09-15},
  year = {2021},
  journal = {2021 IEEE Symposium on Computers and Communications (ISCC)}
}